<?xml version="1.0" encoding="UTF-8"?><collection xmlns="http://www.loc.gov/MARC21/slim"><record><leader>00515nam--2200169-i-4500</leader><controlfield tag="001">000046765</controlfield><controlfield tag="002">20161230</controlfield><controlfield tag="005">20170219235006</controlfield><controlfield tag="008">060222s1000------------r-----000-0-eng-d</controlfield><datafield ind1=" " ind2=" " tag="100"><subfield code="a">Wald, M</subfield></datafield><datafield ind1=" " ind2=" " tag="245"><subfield code="a">Ubewr das verhalten von metall-athylendiamintetraessigsaure-komplexen an anionenaustauschersaulen und seine radiochemische bedeutung</subfield></datafield><datafield ind1=" " ind2=" " tag="260"><subfield code="a">Wien</subfield><subfield code="b">Springer-Verlag</subfield><subfield code="c">1958</subfield></datafield><datafield ind1=" " ind2=" " tag="300"><subfield code="a">14 p</subfield></datafield><datafield ind1=" " ind2=" " tag="490"><subfield code="a">Monatshefete Fur Chemie</subfield></datafield><datafield ind1=" " ind2=" " tag="700"><subfield code="a">Schonfeld, T</subfield></datafield><datafield ind1=" " ind2=" " tag="852"><subfield code="a">6234</subfield></datafield><datafield ind1=" " ind2=" " tag="CAT"><subfield code="a">SYS</subfield><subfield code="c">20170219</subfield><subfield code="h">235006</subfield></datafield></record></collection>